@misc{benchmarks,
  title = {{Crypto++ 5.6.0 Benchmarks}},
  howpublished = {\url{https://www.cryptopp.com/benchmarks.html}},
  note = {Accessed: 2016-11-21}
}

@inproceedings{carofiglio2015pending,
  title={Pending interest table sizing in named data networking},
  author={Carofiglio, Giovanna and Gallo, Massimo and Muscariello, Luca and Perino, Diego},
  booktitle={Proceedings of the 2nd International Conference on Information-Centric Networking},
  pages={49--58},
  year={2015},
  organization={ACM}
}

@inproceedings{tsudik2016ac3n,
  title={AC3N: Anonymous communication in Content-Centric Networking},
  author={Tsudik, Gene and Uzun, Ersin and Wood, Christopher A},
  booktitle={2016 13th IEEE Annual Consumer Communications \& Networking Conference (CCNC)},
  pages={988--991},
  year={2016},
  organization={IEEE}
}

@article{dibenedetto2011andana,
  title={ANDaNA: Anonymous named data networking application},
  author={DiBenedetto, Steven and Gasti, Paolo and Tsudik, Gene and Uzun, Ersin},
  journal={arXiv preprint arXiv:1112.2205},
  year={2011}
}

@article{khanvilkar2004virtual,
  title={Virtual private networks: an overview with performance evaluation},
  author={Khanvilkar, Shashank and Khokhar, Ashfaq},
  journal={IEEE Communications Magazine},
  volume={42},
  number={10},
  pages={146--154},
  year={2004},
  publisher={IEEE}
}
@inproceedings{canetti2001analysis,
  title={Analysis of key-exchange protocols and their use for building secure channels},
  author={Canetti, Ran and Krawczyk, Hugo},
  booktitle={International Conference on the Theory and Applications of Cryptographic Techniques},
  pages={453--474},
  year={2001},
  organization={Springer}
}


@inproceedings{krawczyk2016optls,
    title={The OPTLS protocol and TLS 1.3},
    author={Krawczyk, Hugo and Wee, Hoeteck},
    booktitle={2016 IEEE European Symposium on Security and Privacy (EuroS\&P)},
    pages={81--96},
    year={2016},
    organization={IEEE}
}


@misc{CCNxGithub,
  author = {PARC},
  title = {CCNx Distillery},
  year = {2016},
  publisher = {GitHub},
  journal = {GitHub repository},
  howpublished = {\url{https://github.com/parc/CCNx_Distillery}}
}

@misc{sodiumGithub,
  author = {Sodium},
  title = {The Sodium crypto library (libsodium)},
  year = {2017},
  publisher = {GitHub},
  journal = {GitHub repository},
  howpublished = {\url{https://github.com/jedisct1/libsodium}}
}

@article{yu2015name,
  title={Name-Based Access Control},
  author={Yu, Yingdi and Afanasyev, Alexander and Zhang, Lixia},
  journal={Named Data Networking Project, Technical Report NDN-0034},
  year={2015}
}

@article{shangndn,
  title={NDN-ACE: Access Control for Constrained Environments over Named Data Networking},
  author={Shang, Wentao and others}
}

@inproceedings{misra2013secure,
  title={Secure content delivery in information-centric networks: design, implementation, and analyses},
  author={Misra, Satyajayant and Tourani, Reza and Majd, Nahid Ebrahimi},
  booktitle={ACM SIGCOMM Workshop on Information-centric Networking},
  year={2013},
  organization={ACM}
}


@techreport{salowey2008aes,
  title={AES Galois Counter Mode (GCM) Cipher Suites for TLS},
  author={Salowey, Joseph and Choudhury, Abhijit and McGrew, David},
  year={2008},
  institution={RFC 5288 (Proposed Standard)}
}


@article{mosko2016semantics,
  title={{CCNx} Semantics},
  author={Mosko, M and Solis, I and Wood, C},
  journal={IRTF Draft, Palo Alto Research Center, Inc},
  year={2016}
}


@techreport{irtf-icnrg-ccnxmessages-02,
	number=		{draft-irtf-icnrg-ccnxmessages-02},
	type =		{Internet-Draft},
	institution =	{Internet Engineering Task Force},
	publisher =	{Internet Engineering Task Force},
	author=		{Mosko, Marc},
	title=		{{CCNx Messages in TLV Format}},
	pagetotal =	36,
	year =		2016,
	month =		apr,
	day =		4,
	}


@inproceedings{rizzo2012crime,
  title={The CRIME attack},
  author={Rizzo, Juliano and Duong, Thai},
  booktitle={EKOparty Security Conference},
  volume={2012},
  year={2012}
}


@inproceedings{ghali2015interest,
  title={Interest-based access control for content centric networks},
  author={Ghali, Cesar and Schlosberg, Marc A and Tsudik, Gene and Wood, Christopher A},
  booktitle={International Conference on Information-Centric Networking},
  year={2015},
  organization={ACM}
}

@techreport{flic,
	number=		{draft-tschudin-icnrg-flic-00},
	type =		{Internet-Draft},
	institution =	{Internet Engineering Task Force},
	publisher =	{Internet Engineering Task Force},
	author=		{Christian Tschudin and Christopher Wood},
	title=		{{File-Like ICN Collection (FLIC)}},
	pagetotal =	13,
	year =		2016,
	month =		apr,
	day =		4,
}

@inproceedings{adrian2015imperfect,
  title={Imperfect forward secrecy: How Diffie-Hellman fails in practice},
  author={Adrian, David and others},
  booktitle={ACM SIGSAC Conference on Computer and Communications Security},
  year={2015},
  organization={ACM}
}

@inproceedings{bellare2000authenticated,
  title={Authenticated key exchange secure against dictionary attacks},
  author={Bellare, Mihir and Pointcheval, David and Rogaway, Phillip},
  booktitle={Advances in Cryptology EUROCRYPT},
  year={2000},
  organization={Springer}
}


@inproceedings{backes2013preventing,
  title={Preventing Side-Channel Leaks in Web Traffic: A Formal Approach.},
  author={Backes, Michael and Doychev, Goran and K{\"o}pf, Boris},
  booktitle={NDSS},
  year={2013}
}

@misc{bernstein1996syn,
  title={SYN cookies},
  author={Bernstein, Dan J},
  year={1996}
}

@misc{quiccrypto,
    title={QUIC crypto},
    author={Langley, A and Chang, WT},
    year={2014}
}

@article{neuman1994kerberos,
  title={Kerberos: An authentication service for computer networks},
  author={Neuman, B Clifford and Ts' O, Theodore},
  journal={IEEE Communications Magazine},
  volume={32},
  number={9},
  year={1994},
  publisher={IEEE}
}

@techreport{RFC5116,
  author = {D. McGrew},
  title = {An Interface and Algorithms for Authenticated Encryption},
  howpublished = {Internet Requests for Comments},
  type = {RFC},
  number = {5116},
  year = {2008},
  month = {January},
  issn = {2070-1721},
  publisher = {RFC Editor},
  institution = {RFC Editor},
}

@article{ghali2014network,
title={Network-layer trust in named-data networking},
author={Ghali, Cesar and Tsudik, Gene and Uzun, Ersin},
journal={ACM SIGCOMM Computer Communication Review},
volume={44},
number={5},
year={2014},
publisher={ACM}
}

@techreport{lurk,
    author={{Limited Used of Remote Keys (LURK)}},
    url={https://datatracker.ietf.org/wg/lurk/charter/}
}

@techreport{ccnxke,
    number=		{draft-wood-ccnxkeyexchange-01},
    url =		{https://raw.githubusercontent.com/PARC/ccnx-keyexchange-rfc/master/draft-wood-icnrg-ccnxkeyexchange-01.txt},
    author=		{M. Mosko and E. Uzun and C. Wood},
    title=		{{CCNx Key Exchange Protocol Version 1.0}},
    year =		2016,
    month =		May,
}

@techreport{esic,
    number=		{draft-wood-ccnxtlvencap-00},
    url =		{https://raw.githubusercontent.com/PARC/ccnx-tlvencap-rfc/master/draft-wood-icnrg-tlvencap.txt},
    author=		{M. Mosko and C. Wood},
    title=		{{Encrypted Sessions In CCNx}},
    year =		2016,
    month =		May,
}

@techreport{TLS13,
	number=		{draft-ietf-tls-tls13-12},
	type =		{Internet-Draft},
	institution =	{Internet Engineering Task Force},
	publisher =	{Internet Engineering Task Force},
	author=		{Eric Rescorla},
	title=		{{The Transport Layer Security (TLS) Protocol Version 1.3}},
	pagetotal =	118,
	year =		2016,
	month =		mar,
	day =		22,
	}

@article{QUIC,
  title={QUIC: A UDP-based secure and reliable transport for HTTP/2},
  author={Hamilton, R and Iyengar, J and Swett, I and Wilk, A},
  journal={IETF, draft-tsvwg-quic-protocol-02},
  year={2016}
}


@techreport{DTLS,
  author = {E. Rescorla and N. Modadugu},
  title = {Datagram Transport Layer Security Version 1.2},
  howpublished = {Internet Requests for Comments},
  type = {RFC},
  number = {6347},
  year = {2012},
  month = {January},
  issn = {2070-1721},
  publisher = {RFC Editor},
  institution = {RFC Editor},
}

@techreport{RFC6479,
  author = {X. Zhang and T. Tsou},
  title = {IPsec Anti-Replay Algorithm without Bit Shifting},
  howpublished = {Internet Requests for Comments},
  type = {RFC},
  number = {6479},
  year = {2012},
  month = {January},
  issn = {2070-1721},
  publisher = {RFC Editor},
  institution = {RFC Editor},
}


@techreport{RFC4303,
  author = {S. Kent},
  title = {IP Encapsulating Security Payload (ESP)},
  howpublished = {Internet Requests for Comments},
  type = {RFC},
  number = {4303},
  year = {2005},
  month = {December},
  issn = {2070-1721},
  publisher = {RFC Editor},
  institution = {RFC Editor},
}


@techreport{RFC4302,
  author = {S. Kent},
  title = {IP Authentication Header},
  howpublished = {Internet Requests for Comments},
  type = {RFC},
  number = {4302},
  year = {2005},
  month = {December},
  issn = {2070-1721},
  publisher = {RFC Editor},
  institution = {RFC Editor},
  }

@techreport{RFC6347,
  author = {E. Rescorla and N. Modadugu},
  title = {Datagram Transport Layer Security Version 1.2},
  howpublished = {Internet Requests for Comments},
  type = {RFC},
  number = {6347},
  year = {2012},
  month = {January},
  issn = {2070-1721},
  publisher = {RFC Editor},
  institution = {RFC Editor},
}

@article{moskoccn,
  title={{CCN} 1.0 Protocol Architecture},
  author={Mosko, Marc and Solis, Ignacio and Uzun, Ersin}
}

@article{ifip15,
  title={An Encryption-Based Access Control Framework for Content-Centric Networking},
  author={Kurihara, Jun and Wood, Christopher and Uzuin, Ersin},
  journal={IFIP},
  year={2015}
}

@book{katz2014introduction,
  title={Introduction to modern cryptography},
  author={Katz, Jonathan and Lindell, Yehuda},
  year={2014},
  publisher={CRC Press}
}

@book{blake1997key,
  title={Key agreement protocols and their security analysis},
  author={Blake-Wilson, Simon and Johnson, Don and Menezes, Alfred},
  year={1997},
  publisher={Springer}
}

@article{sandhu1994access,
  title={Access control: principle and practice},
  author={Sandhu, Ravi S and Samarati, Pierangela},
  journal={IEEE Communications Magazine},
  volume={32},
  number={9},
  year={1994},}

@book{ferraiolo2003role,
  title={Role-based access control},
  author={Ferraiolo, David and Kuhn, D Richard and Chandramouli, Ramaswamy},
  year={2003},
}

@article{berners2005rfc,
  title={{RFC} 3986: Uniform resource identifier ({URI}): Generic syntax},
  author={Berners-Lee, Tim and Fielding, Roy and Masinter, Larry},
  year={2005}
}

@inproceedings{carofiglio2011modeling,
  title={Modeling data transfer in content-centric networking},
  author={Carofiglio, Giovanna and Gallo, Massimo and Muscariello, Luca and Perino, Diego},
  booktitle={ITC},
  year={2011},
}

@book{schneier2007applied,
  title={Applied cryptography: protocols, algorithms, and source code in C},
  author={Schneier, Bruce},
  year={2007},
  publisher={john wiley \& sons}
}


@article{krawczyk1997hmac,
  title={{RFC} 2104: {HMAC}: Keyed-hashing for message authentication},
  author={Krawczyk, Hugo and Canetti, Ran and Bellare, Mihir},
  year={1997}
}

@inproceedings{fotiou2012access,
  title={Access control enforcement delegation for information-centric networking architectures},
  author={Fotiou, Nikos and Marias, Giannis F and Polyzos, George C},
  booktitle={ICN Workshop},
  year={2012}
}


@book{gross2008fundamentals,
  title={Fundamentals of queueing theory},
  author={Gross, Donald},
  year={2008},
  publisher={John Wiley \& Sons}
}

@article{cooper2008internet,
  title={{RFC} 3280: Internet {X.509} public key infrastructure certificate and certificate revocation list ({CRL}) profile},
  author={Cooper, Dave},
  year={2008}
}

@article{myers1999online,
  title={{RFC} 2560: Online certificate status protocol - {OCSP}},
  author={Myers, Michael and Ankney, R and Malpani, A and Galperin, S and Adams, C},
  year={1999}
}

@inproceedings{ferraiolo1995role,
  title={Role-based access control (RBAC): Features and motivations},
  author={Ferraiolo, David and Cugini, Janet and Kuhn, D Richard},
  booktitle={Annual computer security application conference},
  year={1995}
}

@inproceedings{gasti2012ddos,
  title={{DoS DDoS} in Named-Data Networking},
  author={Gasti, Paolo and Tsudik, Gene and Uzun, Ersin and Zhang, Lixia},
  booktitle={ICCCN},
  year={2013}
}

@inproceedings{ghali2014needle,
  title={Needle in a Haystack: Mitigating Content Poisoning in Named-Data Networking},
  author={Ghali, Cesar and Tsudik, Gene and Uzun, Ersin},
  booktitle={NDSS SENT Workshop},
  year={2014}
}

@article{ghali2014elements,
 author = {Ghali, C and Tsudik, G and Uzun, E},
 title = {Network-Layer Trust in Named-Data Networking},
 journal = {CCR},
 year = {2014}
}

@TechReport{Smetters2010,
  Title                    = {{CCNx} Access Control Specifications},
  Author                   = {Diana K. Smetters and Philippe Golle and Thornton, J. D.},
  Institution              = {{PARC}},
  Year                     = {2010},
  Month                    = jul,

  Owner                    = {jkunihar},
  Timestamp                = {2014.08.14}
}

@Misc{ccnx,
  Title                    = {{CCNx}},
  HowPublished             = {http://ccnx.org/},

  Owner                    = {jkunihar},
  Timestamp                = {2014.09.10}
}

@InProceedings{Misra2013,
  Title                    = {Secure Content Delivery in Information-Centric Networks: Design, Implementation, and Analyses},
  Author                   = {Misra, Satyajayant and Tourani, Reza and Majd, Nahid Ebrahimi},
  Booktitle                = {ICN},
  Year                     = {2013}
}

@InProceedings{Boneh2005,
  Title                    = {Collusion resistant broadcast encryption with short ciphertexts and private keys},
  Author                   = {Boneh, Dan and Gentry, Craig and Waters, Brent},
  Booktitle                = {Proc. CRYPTO 2005},
  Year                     = {2005},
  Month                    = aug,
}

@InProceedings{Tzeng2001,
  Title                    = {A Public-Key Traitor Tracing Scheme with Revocation Using Dynamic Shares},
  Author                   = {Tzeng, Wen-Guey and Tzeng, Zhi-Jia},
  Booktitle                = {Proc. PKC 2001},
  Year                     = {2001},
  Month                    = feb,
}

@InProceedings{Naor2000,
  Title                    = {Efficient Trace and Revoke Schemes},
  Author                   = {Naor, Moni and Pinkas, Benny},
  Booktitle                = {Proc. FC 2000},
  Year                     = {2000},
  Month                    = feb,
}

@InProceedings{Ion2013,
  Title                    = {Toward Content-Centric Privacy in {ICN}: Attribute-Based Encryption and Routing},
  Author                   = {Mihaela Ion and Janqing Zhang and Eve M. Schooler},
  Booktitle                = {ICN},
  Year                     = {2013}
}

@InProceedings{Bethencourt2007,
  Title                    = {Ciphertext-Policy Attribute-Based Encryption},
  Author                   = {Bethencourt, John and Sahai, Amit and Waters, Brent},
  Booktitle                = {Proc. IEEE S\&P 2007},
  Year                     = {2007},
  Month                    = may,
}

@InProceedings{Goyal2006,
  Title                    = {Attribute-based encryption for fine-grained access control of encrypted data},
  Author                   = {Goyal, Vipul and Pandey, Omkant and Sahai, Amit and Waters, Brent},
  Booktitle                = {Proc. ACM CCS 2006},
  Year                     = {2006},
}

@InProceedings{Wood2014,
  Title                    = {Flexible End-to-End Content Security in {CCN}},
  Author                   = {Christopher A. Wood and Ersin Uzun},
  Booktitle                = {CCNC},
  Year                     = {2014}
}

@Article{Zhou2013,
  Title                    = {Achieving Secure Role-Based Access Control on Encrypted Data in Cloud Storage},
  Author                   = {Zhou, Lan and Varadharajan, Vijay and Hitchens, Michael},
  Journal                  = {Transactions on Information Forensics and Security },
  Year                     = {2013}
}

@InProceedings{Wang2010a,
  Title                    = {Hierarchical attribute-based encryption for fine-grained access control in cloud storage services},
  Author                   = {Wang, Guojun and Liu, Qin and Wu, Jie},
  Booktitle                = {CCS},
  Year                     = {2010}
}

@InProceedings{Yu2010,
  Title                    = {Achieving Secure, Scalable, and Fine-grained Data Access Control in Cloud Computing},
  Author                   = {Yu, Shucheng and Wang, Cong and Ren, Kui and Lou, Wenjing},
  Booktitle                = {INFOCOM},
  Year                     = {2010}
}

@InProceedings{Jahid2011,
  Title                    = {{EASiER}: Encryption-based Access Control in Social Networks with Efficient Revocation},
  Author                   = {Jahid, Sonia and Mittal, Prateek and Borisov, Nikita},
  Booktitle                = {ASIACCS},
  Year                     = {2011}
}

@InProceedings{Kamara2010,
  Title                    = {Cryptographic cloud storage},
  Author                   = {Kamara, Seny and Lauter, Kristin},
  Booktitle                = {FC},
  Year                     = {2010}
}

@Misc{MSPlayReady,
  Title                    = {{Microsoft} {PlayReady}},
  HowPublished             = {http://www.microsoft.com/playready/},

  Owner                    = {jkunihar},
  Timestamp                = {2014.08.14}
}

@inproceedings{jacobson2009networking,
  title={Networking named content},
  author={Jacobson, Van and others},
  booktitle={CoNext},
  year={2009}
}

@article{ahlgren2012survey,
  title={A survey of information-centric networking},
  author={Ahlgren, Bengt and others},
  journal={IEEE Communications Magazine},
  volume={50},
  number={7},
  year={2012},
}

@misc{NSF-FIA,
  key = {NSF-FIA},
  title = {{National Science Foundation} of Future {Internet} Architecture {(FIA)} Program},
  note = {http://www.nets-fia.net/}
}

@article{ibacarxiv,
  key = {ibacarxiv},
  author={Ghali, Cesar and Schlosberg, Marc A. and Tsudik, Gene and Wood, Christopher A.},
  title={Interest-Based Access Control for Content Centric Networks (extended version)},
  journal={arXiv},
  year={2015}
}

@article{NDN,
  title={Named data networking},
  author={Zhang, Lixia and others},
  journal={CCR},
  year={2014}
}

@book{dworkin2007recommendation,
  title={Recommendation for block cipher modes of operation: Galois/Counter Mode (GCM) and GMAC},
  author={Dworkin, Morris},
  year={2007},
  publisher={US Department of Commerce, National Institute of Standards and Technology}
}

@inproceedings{bernstein2006curve25519,
  title={Curve25519: new Diffie-Hellman speed records},
  author={Bernstein, Daniel J},
  booktitle={International Workshop on Public Key Cryptography},
  pages={207--228},
  year={2006},
  organization={Springer}
}

@techreport{dingledine2004tor,
  title={Tor: The second-generation onion router},
  author={Dingledine, Roger and Mathewson, Nick and Syverson, Paul},
  year={2004},
  institution={DTIC Document}
}
